<?xml version="1.0" encoding="UTF-8"?><collection xmlns="http://www.loc.gov/MARC21/slim"><record><leader>00478nam--2200157-i-4500</leader><controlfield tag="001">000016049</controlfield><controlfield tag="002">20161230</controlfield><controlfield tag="005">20170225195038</controlfield><controlfield tag="008">060222s1000------------r-----000-0-eng-d</controlfield><datafield ind1=" " ind2=" " tag="100"><subfield code="a">Cristescu, Romulus</subfield></datafield><datafield ind1=" " ind2=" " tag="245"><subfield code="a">Applications of the theory of distributions. Translated from the romanian edition by Silviu Teleman</subfield></datafield><datafield ind1=" " ind2=" " tag="260"><subfield code="a">Bucuresti</subfield><subfield code="b">Editura Academiei Rsr</subfield><subfield code="c">1973</subfield></datafield><datafield ind1=" " ind2=" " tag="300"><subfield code="a">227 p</subfield></datafield><datafield ind1=" " ind2=" " tag="700"><subfield code="a">Marinescu, Gheorghe</subfield></datafield><datafield ind1=" " ind2=" " tag="852"><subfield code="a">38938</subfield><subfield code="c">517</subfield></datafield><datafield ind1=" " ind2=" " tag="CAT"><subfield code="a">SYS</subfield><subfield code="c">20170225</subfield><subfield code="h">195038</subfield></datafield></record></collection>